
% SIAM Journal on Matrix Analysis and Applications:                                                                                              
@string{SIMAX       = "{SIAM} J. Matrix Anal. Appl."}




@Unpublished{Trilinos-home-page,
     author = {M.~A.~Heroux},
     title = "Trilinos Home Page.",
     note = "http://trilinos.sandia.gov"}

@manual{Epetra-Ref-Guide,
     title = "Epetra Reference Manual",
     author = "M.~A.~Heroux",
     institution = snl,
     edition  = "2.0",
     note = "http://software.sandia.gov/trilinos/packages/epetra/doxygen/latex/EpetraReferenceManual.pdf",
     year = 2002}

@techreport{dscpack-manual,
   author = "P.~Raghavan",
   Title   = "Domain-Separator Codes for the parallel solution of sparse linear systems",
   institution = "Department of Computer Science and Engineering, The
     Pennsylvania State University",
   number  = "CSE-02-004",
   Year    = "2002"}

@Unpublished{umfpack-home-page,
   author = "T.~A.~Davis",
   Title   = "{UMFPACK} home page",
   Note    = "http://www.cise.ufl.edu/research/sparse/umfpack",
   Year    = "2003"}


@techreport{Trilinos-Overview,
     title = "{An Overview of {T}rilinos}",
     author = "Michael Heroux and Roscoe Bartlett and Vicki Howle 
     Robert Hoekstra and Jonathan Hu and Tamara Kolda and 
     Richard Lehoucq and Kevin Long and Roger Pawlowski and 
     Eric Phipps and Andrew Salinger and Heidi Thornquist and 
     Ray Tuminaro and James Willenbring and Alan Williams ",
     institution = "Sandia National Laboratories",
     number = "SAND2003-2927",
     year = 2003}

@techreport{Trilinos-Dev-Guide,
     title = "{Trilinos Developers Guide}",
     author = "Michael A. Heroux and James M. Willenbring and Robert Heaphy",
     institution = "Sandia National Laboratories",
     number = "SAND2003-1898",
     year = 2003}

@techreport{Trilinos-Dev-Guide-II,
     title = "{Trilinos Developers Guide Part II: ASCI Software Quality Engineering Practices Version 1.0}",
     author = "Michael A. Heroux and James M. Willenbring and Robert Heaphy",
     institution = "Sandia National Laboratories",
     number = "SAND2003-1899",
     year = 2003}

@techreport{Trilinos-Users-Guide,
     title = "{Trilinos Users Guide}",
     author = "Michael A. Heroux and James M. Willenbring",
     institution = "Sandia National Laboratories",
     number = "SAND2003-2952",
     year = 2003}


@manual{Trilinos-Tutorial,
     title = "Trilinos Tutorial",
     author = "M.~Sala and M.~A.~Heroux and D.~Day",
     institution = snl,
     edition  = "4.0",
     year = 2004}

@Unpublished{Automake,
     author = "{Free\ Software\ Foundation}",
     key = "Automake",
     title = "{Automake Home Page.}",
     note = "http://www.gnu.org/software/automake"}

@Unpublished{Autoconf,
     author = "{Free\ Software\ Foundation}",
     key = "Autoconf",
     title = "{Autoconf Home Page.}",
     note = "http://www.gnu.org/software/autoconf"}

@Unpublished{superlu-home-page,
    Author = "X.~S.~Li and J.~W.~Demmel",
   Title   = "{SuperLU} home page",
   Note    = "http://crd.lbl.gov/~xiaoye/SuperLU/",
   Year    = "2003"}

@manual{superlu-manual,
     title = "SuperLU Users' Guide",
     author = "J.~W.~Demmel and J.~R.~Gilbert and X.~S.~Li",
     institution = "Computer Science Division, University of California, Berkely",
     year = 2003}

@manual{mumps-manual,
     title = "MUltifrontal Massively Parallel Solver (MUMPS Versions 4.3.1) Users' Guide",
     author = "P.R.~Amestoy and I.S.~Duff and  J.-Y.~L'Excellent and J.~Koster",
     institution = "CERFACS",
     year = 2003}

@Unpublished{mumps-home-page,
   author = "P.~R.~Amestoy and I.~S.~Duff and J.-Y.~L'Excellent and
             J.~Koster",
   Title   = "{MUMPS} home page",
   Note    = "http://www.enseeiht.fr/lima/apo/MUMPS",
   Year    = "2003"}

@TechReport{ml-guide,
  author =       {M. Sala and J. Hu and R. Tuminaro},
  title =        {{ML} 3.1 Smoothed Aggregation User's Guide},
  institution =  {Sandia National Laboratories},
  year =         {2004},
  OPTkey =       {},
  OPTtype =      {},
  number =       {SAND-4819},
  OPTaddress =   {},
  month =        {September},
  OPTnote =      {},
  OPTannote =    {}
}

@techreport{ METIS,
  author = "G. Karypis and V. Kumar",
  title = "{METIS}: Unstructured graph partitining and sparse matrix ordering sy
stem",
  institution = "University of  Minnesota, Department of Computer Science",
  year = "1998"
}

@book{scalapack-guide,
     title = "{ScaLAPACK} Users' Guide",
     author = "L. S. Blackford and J. Choi and A. Cleary and E. {D'Azevedo}
               and J. Jemmel and I. Dhillon and J. Dongarra and
               S. Hammarling and G. Henry and A. Petitet and K. Stanley and D. W
alker and
               R. C. Whaley",
     publisher = "{SIAM} Pub.",
     year = 1997}


@TechReport{ifpack-guide,
  author =       {M. Sala and M. Heroux},
  title =        {Robust Algebraic Preconditioners with {IFPACK} 3.0},
  institution =  {Sandia National Laboratories},
  year =         {2005},
  OPTkey =       {},
  OPTtype =      {},
  number =       {SAND-0662},
  OPTaddress =   {},
  month =        {February},
  OPTnote =      {},
  OPTannote =    {}
}

@TechReport{oskl:04-etna,
  author =       {O. Schenk and K. G{\"a}rtner},
  title =        {On fast factorization pivoting methods for sparse
    symmetric indefinite systems},
  year =         {2004},
  institution =  {{D}epartment of {C}omputer {S}cience, {U}niversity of {B}asel},
  type =         {{T}echnical {R}eport},
  note =         {Submitted}
}

@article{sg:04-fgcs,
  author =       {O.~Schenk and K.~G{\"a}rtner},
  title =        "Solving Unsymmetric Sparse Systems of Linear
    Equations with {PARDISO}",
  year =         {2004},
  volume =       {20},
  number =       {3},
  pages  =       {475--487},
  journal=       {Journal of Future Generation Computer Systems}
}

@article{amestoy01analysis,
 author = {P. R. Amestoy and I. S. Duff and J.-Y. L'excellent and X. S. Li},
 title = {Analysis and comparison of two general sparse solvers for distributed memory computers},
 journal = {ACM Trans. Math. Softw.},
 volume = {27},
 number = {4},
 year = {2001},
 issn = {0098-3500},
 pages = {388--421},
 doi = {http://doi.acm.org/10.1145/504210.504212},
 publisher = {ACM Press},
 address = {New York, NY, USA},
}


@TechReport{gupta01recent,
  author =       {A. Gupta},
  title =        {Recent Advances in Direct Methods for SOlving Unsymmetric
    Sparse Systems of Linear Equations},
  year =         {2001},
  institution =  {{IBM} T.J. Watson Research Center},
  type =         {{T}echnical {R}eport},
}

@inproceedings{ashcraft99spooles,
  author = {C. Ashcraft and R. Grimes},
  title = {SPOOLES: an object-oriented sparse matrix library},
  booktitle = {Proceedings of the 9th SIAM Conference on Parallel Processing
    for Scientific Computing},
  year = "1999",
}

@book{ QV2,
    author = "A. Quarteroni and A. Valli",
    title = {Domain Decomposition Methods for Partial Differential Equations},
    publisher = "Oxford University Press",
    address = "Oxford",
    year = "1999"
}

@book{smith96parallel,
  author =       "B. Smith and P. Bjorstad and W. Gropp",
  title =        "Domain Decomposition: Parallel Multilevel methods for elliptic
 partial differential equations",
  publisher =    "Cambridge University Press",
  year =         "1996",
}

@book{ saad96iterative,
    author = "Y. Saad",
    title = "Iterative Methods for Sparse Linear Systems",
    publisher = "PWS",
    address = "Boston",
    isbn = "053494776X",
    year = "1996"
}

@article{brandt.classic,
  author = "A.~Brandt",
  TITLE = "{M}ulti-level {A}daptive {S}olutions to {B}oundary-{V}alue
           {P}roblems",
  JOURNAL = "Math. Comp.",
  VOLUME = "31",
  PAGES = "333--390",
  YEAR = "1977"
}
@book{hack.book,
  author = "W.~Hackbusch",
  TITLE = "{M}ulti-grid {M}ethods and {A}pplications",
  PUBLISHER = "Springer-Verlag",
  ADDRESS = "Berlin",
  YEAR = "1985"
}
@book{hack2.book,
  author = "W.~Hackbusch",
  TITLE = "{I}terative {S}olution of {L}arge {S}parse {L}inear {S}ystems of {E}quations",
  PUBLISHER = "Springer-Verlag",
  ADDRESS = "Berlin",
  YEAR = "1994"

}

@TechReport{Aztec,
  author =       "R. Tuminaro and M. Heroux and S. Hutchinson and J. Shadid",
  title =        "Official {A}ztec User's Guide: Version 2.1",
  institution =  "Sandia National Laboratories",
  year =         1999,
  number =       "Sand99-8801J",
  address =      "Albuquerque NM, 87185",
  month =        "Nov"
}
@techreport{petsc-guide,
  author =      "S. Balay and G. Gropp and L. C. McInnes and B. Smith",
  title =       "{PETSc} User's Manual",
  institution =  {Argonne National Laboratory},
  year =         {1995},
  OPTkey =       {},
  OPTtype =      {},
  number =       {ANL-95/11},
  OPTaddress =   {},
  month =        {November},
}

@article{ bpkit,
    author = "Edmond Chow and Michael A. Heroux",
    title = "An object-oriented framework for block preconditioning",
    journal = "ACM Transactions on Mathematical Software",
    volume = "24",
    number = "2",
    pages = "159--183",
    year = "1998",
    url = "citeseer.ist.psu.edu/chow98objectoriented.html" 
}


@article{ psblas,
    author = "S. Filippone and M. Colajanni",
    title = "{PSBLAS}: a library for parallel linear algebra computation on
      sparse matrices",
    journal = "ACM Transactions on Mathematical Software",
    volume = "26",
    pages = "527--550",
    year = "2000"
}

@unpublished{rozin04locality,
  author="E. Rozin and S. Toledo",
  title="Locality of reference in sparse {Cholesky} methods",
  month=aug,
  year=2004,
  note="To appear in Electronic Transactions on Numerical Analysis",
}

@article{rotkin04design,
  author="V. Rotkin and S. Toledo",
  title="The design and implementation of a new out-of-core sparse
  {Cholesky} factorization method",
  journal="ACM Transactions on Mathematical Software",
  volume=30,
  year=2004,
  pages="19--46",
  url="http://doi.acm.org/10.1145/974781.974783"
}

@article{irony04parallel,
  author="D. Irony and G. Shklarski and S. Toledo",
  title="Parallel and Fully Recursive Multifrontal Supernodal Sparse
    Cholesky",
  journal="Future Generation Computer Systems",
  volume=20,
  number=3,
  pages="425--440",
  month=apr,
  year=2004,
  url="http://dx.doi.org/10.1016/j.future.2003.07.007",
  doi="doi:10.1016/j.future.2003.07.007",
}


@article{swig,
 author = {D. M. Beazley},
 title = {Automated scientific software scripting with {SWIG}},
 journal = {Future Gener. Comput. Syst.},
 volume = {19},
 number = {5},
 year = {2003},
 issn = {0167-739X},
 pages = {599--609},
 doi = {http://dx.doi.org/10.1016/S0167-739X(02)00171-1},
 publisher = {Elsevier Science Publishers B. V.},
 address = {Amsterdam, The Netherlands, The Netherlands},
 }

@TechReport{pytrilinos-la-guide,
  author =       "M. Sala",
  title =        "Distributed Sparse Linear Algebra with {P}y{T}rilinos",
  institution =  "Sandia National Laboratories",
  year =         2005,
  number =       "SAND2005-3835",
  address =      "Albuquerque NM, 87185",
  month =        "June"
}

@TechReport{Amesos-Reference-Guide,
  author =       {M. Sala},
  title =        {Amesos 2.0 Reference Guide},
  institution =  {Sandia National Laboratories},
  year =         {2004},
  OPTkey =       {},
  OPTtype =      {},
  number =       {SAND-4820},
  OPTaddress =   {},
  month =        {September},
  OPTnote =      {},
  OPTannote =    {}
}

@TechReport{Amesos-Design,
  author =       {M. Sala},
  title =        {On the Design of Interfaces to Serial and Parallel Direct
Solver Libraries},
  institution =  {Sandia National Laboratories},
  year =         {2005},
  OPTkey =       {},
  OPTtype =      {},
  number =       {SAND-4239},
  OPTaddress =   {},
  month =        {July},
  OPTnote =      {},
  OPTannote =    {}
}

@article{sala05pytrilinos,
  author =       {M. Sala and W. F. Spotz and M. A. Heroux},
  title =        {{P}y{T}rilinos: High-Performance Distributed-Memory Solvers for
    {P}ython},
  year =         {2005},
  note =         {Submitted}
}

@book{lapack-guide,
 author = {E. Anderson and Z. Bai and C. Bischof and L. S. Blackford and J. Demmel and Jack J. Dongarra and J. Du Croz and S. Hammarling and A. Greenbaum and A. McKenney and D. Sorensen},
 title = {LAPACK Users' guide (third ed.)},
 year = {1999},
 isbn = {0-89871-447-8},
 publisher = {Society for Industrial and Applied Mathematics},
 address = {Philadelphia, PA, USA},
 }

@article{heroux05trilinos,
 author = {Michael A. Heroux and Roscoe A. Bartlett and Vicki E. Howle and Robert J. Hoekstra and Jonathan J. Hu and Tamara G. Kolda and Richard B. Lehoucq and Kevin R. Long and Roger P. Pawlowski and Eric T. Phipps and Andrew G. Salinger and Heidi K. Thornquist and Ray S. Tuminaro and James M. Willenbring and Alan Williams and Kendall S. Stanley},
 title = {An overview of the Trilinos project},
 journal = {ACM Trans. Math. Softw.},
 volume = {31},
 number = {3},
 year = {2005},
 issn = {0098-3500},
 pages = {397--423},
 doi = {http://doi.acm.org/10.1145/1089014.1089021},
 publisher = {ACM Press},
 address = {New York, NY, USA},
 }

@article{duff83multifrontal,
  author = {I. S. Duff and J. K. Reid}, 
  title = {The Multifrontal Solution of Indefinite Sparse Symmetric Linear},
  journal = {ACM Trans. Math. Softw.},
  volume = {9},
  number = {3},   
  year = {1983},      
  issn = {0098-3500},       pages = {302--325},         
  doi = {http://doi.acm.org/10.1145/356044.356047},
  publisher = {ACM Press},
  address = {New York, NY, USA},
}     

@article{sala05object,
  author = {M. Sala},
  title = {An Object-Oriented Framework for the Development of Scalable
    Parallel Multilevel Preconditioners},
  journal = {Accepted for publication on ACM-TOMS},
  year = {2005}
}

@TechReport{petsc-user-ref,
    Author      = "Satish Balay and Kris Buschelman and Victor Eijkhout and William D. Gropp and Dinesh Kaushik and Matthew G. Knepley and Lois Curfman McInnes and Barry F. Smith and Hong Zhang",
   Title              = "{PETS}c Users Manual",
   Number      = "ANL-95/11 - Revision 2.1.5",
   Institution = "Argonne National Laboratory",
   Year              = "2004"
}

@Article{falgout02hypre,
  author =       "R. D. Falgout and U. Meier Yang",
  title =        "{HYPRE}: {A} Library of High Performance Preconditioners",
  journal =      "Lecture Notes in Computer Science",
  volume =       "2331",
  pages =        "632--??",
  year =         "2002",
  CODEN =        "LNCSD9",
  ISSN =         "0302-9743"
} 

@book{alexandrescu01modern,
  author = {Andrei Alexandrescu},
  title = {Modern C++ design: generic programming and design patterns
    applied},
  year = {2001},
  isbn = {0-201-70431-5},
  publisher = {Addison-Wesley Longman Publishing Co., Inc.},
  address = {Boston, MA, USA},
}

@Book{gropp98mpi,
  author        =       {William Gropp and Steven Huss-Lederman and Andrew Lumsdaine and Ewing Lusk and Bill Nitzberg and William Saphir and Marc Snir},
  title         =       {{MPI} - The Complete Reference: Volume 2, The {MPI}-2 Extensions},
  publisher     =       {MIT Press},
  year  =       1998,
  OPTseries     =       {Scientific and engineering computation},
  address       =       {Cambridge, MA, USA}
}

@inproceedings{duff79performance,
  author = {I. S. Duff and J. K. Reid},
  title = {Performance Evaluation of codes for sparse matrix problems},
  booktitle = {Performance evaluation of numerical software},
  publisher = {North-Holland, New York},
  year = "1979",
  pages = {121--135}
}

@inproceedings{alpatov97plapack,
  author = {Philip Alpatov and Greg Baker and Carter Edwards and John Gunnels and Greg Morrow and James Overfelt and Robert van de Geijn and Yuan-Jye J. Wu},
  title = {PLAPACK: parallel linear algebra package design overview},
  booktitle = {Supercomputing '97: Proceedings of the 1997 ACM/IEEE conference on Supercomputing (CDROM)},
  year = {1997},
  isbn = {0-89791-985-8},
  pages = {1--16},
  location = {San Jose, CA},
  doi = {http://doi.acm.org/10.1145/509593.509622},
  publisher = {ACM Press},
  address = {New York, NY, USA},
}

@inproceedings{boisvert97matrix,
  author = {Ronald F. Boisvert and Roldan Pozo and Karin Remington and Richard F. Barrett and Jack J. Dongarra},
  title = {Matrix market: a web resource for test matrix collections},
  booktitle = {Proceedings of the IFIP TC2/WG2.5 working conference on Quality of numerical software},
  year = {1997},
  isbn = {0-412-80530-8},
  pages = {125--137},
  location = {Oxford, United Kingdom},
  publisher = {Chapman \& Hall, Ltd.},
  address = {London, UK, UK},
}

@techreport{dobrian99design,
  author = {Florin Dobrian and Gary Kumfert and Alex Pothen},
  title = {The design of sparse direct solvers using object-oriented techniques},
  year = {1999},
  source = {http://www.ncstrl.org:8900/ncstrl/servlet/search?formname=detail\&id=oai%3Ancstrlh%3Aicase%3Ancstrl.icase%2F%2FTR-99-38},
  publisher = {Institute for Computer Applications in Science and Engineering (ICASE)},
}

@book{cppbook,
  title = "The {C}++ Programming Language",
  author = "B. Stroustrup",
  publisher = "Addison-Wesley",
  address = "Reading, MA",
  year = 1986
}

@article{duff89sparse,
 author = {I. S. Duff and Roger G. Grimes and John G. Lewis},
 title = {Sparse matrix test problems},
 journal = {ACM Trans. Math. Softw.},
 volume = {15},
 number = {1},
 year = {1989},
 issn = {0098-3500},
 pages = {1--14},
 doi = {http://doi.acm.org/10.1145/62038.62043},
 publisher = {ACM Press},
 address = {New York, NY, USA},
}

@article{george99object,
 author = {A. George and J. Liu},
 title = {An Object-Oriented Approach to the Design of a User Interface for a
   Sparse Matrix Package},
 journal = {SIAM Journal on Matrix Analysis and Applications},
 volume = {20},
 number = {4},
 year = {1999},
 pages = {953--969},
}

@inproceedings{lujan00oolala,
 author = {Mikel Luj{\'a}n and T. L. Freeman and John R. Gurd},
 title = {OoLALA: an object oriented analysis and design of numerical linear algebra},
 booktitle = {OOPSLA '00: Proceedings of the 15th ACM SIGPLAN conference on Object-oriented programming, systems, languages, and applications},
 year = {2000},
 isbn = {1-58113-200-X},
 pages = {229--252},
 location = {Minneapolis, Minnesota, United States},
 doi = {http://doi.acm.org/10.1145/353171.353187},
 publisher = {ACM Press},
 address = {New York, NY, USA}
}

@book{duff86direct,
 author = {Iain S Duff and Albert M Erisman and John K Reid},
 title = {Direct methods for sparse matrices},
 year = {1986},
 isbn = {0-198-53408-6},
 publisher = {Oxford University Press, Inc.},
 address = {New York, NY, USA},
} 

@unpublished{davis05summary,
  author = {Timothy Davis},
  title = {Summary of available software for sparse direct methods},
  address = {http://www.cise.ufl.edu/research/sparse/codes.pdf},
  year = 2006
}

@unpublished{hsl06collection,
  author = {HSL},
  title = {A collection of Fortran codes for large scale scientific
    computation},
  address = {http://www. cse.clrc.ac.uk/Activity/HSL},
  year = 2006
}

@book{dongarra98numerical,
 author = {Jack J Dongarra and Iain S Duff and Danny C Sorensen and Henk van
   der Vorst},
 title = {Numerical Linear Algebra for High-Performance Computing},
 year = {1998},
 publisher = {SIAM},
 address = {Philadelphia, PA}
} 

@article{wise96overview,
 author = {G. Bowden Wise},
 title = {An overview of the standard template library},
 journal = {SIGPLAN Not.},
 volume = {31},
 number = {4},
 year = {1996},
 issn = {0362-1340},
 pages = {4--10},
 doi = {http://doi.acm.org/10.1145/249118.249120},
 publisher = {ACM Press},
 address = {New York, NY, USA}
}

@techreport{dobrian00oblio,
   author = "F. Dobrian and A. Pothen",
   Title   = "Oblio: A sparse direct solver library for serial and parallel computations",
   institution = "Department of Computer Science, Old Dominion Univ.",
   Year    = "2000"
}

@InProceedings{henon00pastix,
        author = "P. HENON and P. RAMET and J. ROMAN",
        title = "{P}a{S}ti{X}: A Parallel Sparse Direct Solver Based on a Static Scheduling for Mixed 1D/2D Block Distributions",
        conference ="Proceedings of Irregular'2000",
        series ="Lecture Notes in Comput. Sci.",
        volume = "1800",
        pages = "519-525",
        year = "2000",
        editor = "Springer Verlag",
}

@techreport{davis05cholmod,
   author = "T. A. Davis",
   Title   = "{CHOLMOD} user guide",
   institution = "Technical report, Univ. of Florida",
   Year    = "2005"
}

@techreport{davis05klu,
   author = "T. A. Davis and E. Palamadai",
   Title   = "{KLU}: a sparse {LU} factorization for circuit simulation
     matrices",
   institution = "Technical report, Univ. of Florida, in preparation",
   Year    = "2005"
}

@article{ gilbert92sparse,
    author = "John R. Gilbert and Cleve Moler and Robert Schreiber",
    title = "Sparse Matrices in {MATLAB}: Design and Implementation",
    journal = "SIAM Journal on Matrix Analysis and Applications",
    volume = "13",
    number = "1",
    pages = "333--356",
    year = "1992",
}

@article{gupta02improved,
    author = "A. Gupta",
    title = "Improved symbolic and numerical factorization algorithms for
      unsymmetric sparse matrices",
    journal = "SIAM Journal on Matrix Analysis and Applications",
    volume = "24",
    pages = "529--552",
    year = "2002",
}

@book{wolfram99mathematica,
 author = {Stephen Wolfram},
 title = {The Mathematica book (4th edition)},
 year = {1999},
 isbn = {0-521-64314-7},
 publisher = {Cambridge University Press},
 address = {New York, NY, USA},
}

@InProceedings{duff00sparse,
        author = "I. Duff",
        title = "Sparse numerical linear algebra: direct methods and
          preconditioning",
        conference ="Proceedings of Irregular'2000",
        series ="Lecture Notes in Comput. Sci.",
        volume = "1800",
        pages = "519-525",
        year = "2000",
        editor = "Springer Verlag",
}

@incollection{duff97sparse,
      title = "Sparse numerical linear algebra: direct methods and preconditioning",
      author = "I. S. Duff",
      editor = "I. S. Duff and G. A. Watson",
      booktitle = "The state of the art in Numerical analysis",
      publisher = {Oxford University press},
      address = {Oxford},
      pages = {27--62},
      year = 1997,
}

@book{golub96matrix,
 author = {Gene H. Golub and Charles F. Van Loan},
 title = {Matrix computations (3rd ed.)},
 year = {1996},
 isbn = {0-8018-5414-8},
 publisher = {Johns Hopkins University Press},
 address = {Baltimore, MD, USA},
}

@article{Davis992205,
 author = {Timothy A. Davis},
 title = {A column pre-ordering strategy for the unsymmetric-pattern multifrontal method},
 journal = {ACM Trans. Math. Softw.},
 volume = {30},
 number = {2},
 year = {2004},
 issn = {0098-3500},
 pages = {165--195},
 doi = {http://doi.acm.org/10.1145/992200.992205},
 publisher = {ACM Press},
 address = {New York, NY, USA},
 }


@inproceedings{LiDemmel509092,
 author = {Xiaoye S. Li and James W. Demmel},
 title = {Making sparse Gaussian elimination scalable by static pivoting},
 booktitle = {Supercomputing '98: Proceedings of the 1998 ACM/IEEE conference on Supercomputing (CDROM)},
 year = {1998},
 isbn = {0-89791-984-X},
 pages = {1--17},
 location = {San Jose, CA},
 publisher = {IEEE Computer Society},
 address = {Washington, DC, USA},
 }





@inproceedings{Malard126136,
 author = {Joel Malard},
 title = {Threshold pivoting for dense LU factorization on distributed memory multiprocessors},
 booktitle = {Supercomputing '91: Proceedings of the 1991 ACM/IEEE conference on Supercomputing},
 year = {1991},
 isbn = {0-89791-459-7},
 pages = {600--607},
 location = {Albuquerque, New Mexico, United States},
 doi = {http://doi.acm.org/10.1145/125826.126136},
 publisher = {ACM Press},
 address = {New York, NY, USA},
 }


@article{AmestoyDavisDuff03,
        author={Amestoy, P. R. and Davis, T. A. and Duff, I. S.},
        title={Algorithm 837: {AMD}, an approximate minimum degree ordering algorithm},
        journal=TOMS,
        year={2004}
        ,volume={30}
        ,number={3}
        ,pages={381-388}}


@article{BaumannFleischmannMutzbauer03,
        author={Baumann, M. and Fleischmann, P. and Mutzbauer, O.},
        title={Double ordering and fill-in for the {LU} factorization},
        journal=SIMAX,
        volume={25},
        number={3},
        pages={630-641},
        annote={f},
        year=2003
}

@InProceedings{dayde04overview,
  author = {M. Dayd\'e and L. Giraud and M. Hernandez and J.-Y. L'Excellent and C. Puglisi and M. Pantel},
  title = "{An Overview of the {GRID-TLSE} Project}",
  year = {2004},
  pages = {851-856},
  booktitle = {Poster Session of 6th International Meeting VECPAR'04, Valencia, Espagne},
  month = jun 
}

@article{duff02overview,
  author = "Iain S. Duff and Michael A. Heroux and Roldan Pozo", 
  title = "An overview of the sparse basic linear algebra subprograms: The new
    standard from the {BLAS} technical forum", 
  journal = "ACM Transactions on Mathematical Software (TOMS)", 
  volume = "28",
  number = "2", 
  pages = "239--267", 
  year = 2002
}

@article{george79design,
 author = {Alan George and Joseph W. H. Liu},
 title = {The Design of a User Interface for a Sparse Matrix Package},
 journal = {ACM Trans. Math. Softw.},
 volume = {5},
 number = {2},
 year = {1979},
 issn = {0098-3500},
 pages = {139--162},
 doi = {http://doi.acm.org/10.1145/355826.355829},
 publisher = {ACM Press},
 address = {New York, NY, USA},
}

@article{sala06design,
  author =       {M. Sala and K. S. Stanley and M. A. Heroux},
  title =        {On the Design of Interfaces to Sparse Direct Solvers},
  year =         {2006},
  note =         {Submitted}
}

@book{Gamma,
 author = {Erich Gamma and Richard Helm and Ralph Johnson and John Vlissides},
 title = {Design patterns: elements of reusable object-oriented software},
 year = {1995},
 isbn = {0-201-63361-2},
 publisher = {Addison-Wesley Longman Publishing Co., Inc.},
 address = {Boston, MA, USA},
}

